@ARTICLE{Hanson1994,
    author = {Andrew J. Hanson},
    title = {A construction for computer visualization of certain complex curves},
    journal = {Notices of the Amer.Math.Soc},
    year = {1994},
    pages = {1156--1163}
}
